@article{apfelmus10,
	author = {Heinrich Apfelmus},
	title = {The Operational Monad Tutorial},
	journal = {The Monad.Reader},
	volume = {Issue 15},
	pages = {37--55},
	numpages = {19},
	year = {2010},
	month = jan,
	url = {http://themonadreader.wordpress.com/2010/01/26/issue-15/},
}

@inproceedings{peytonjones93,
	author = {Simon L. {Peyton Jones} and Philip Wadler},
	title = {Imperative functional programming},
	booktitle = {Proceedings of the 20th ACM SIGPLAN-SIGACT symposium on Principles of programming languages},
	series = {POPL '93},
	year = {1993},
	isbn = {0-89791-560-7},
	location = {Charleston, South Carolina, United States},
	pages = {71--84},
	numpages = {14},
	url = {http://homepages.inf.ed.ac.uk/wadler/papers/imperative/imperative.ps},
	doi = {http://doi.acm.org/10.1145/158511.158524},
	acmid = {158524},
	publisher = {ACM},
	address = {New York, NY, USA},
}

@inproceedings{wadler89,
	author = {Philip Wadler and Stephen Blott},
	title = {How to make ad-hoc polymorphism less ad hoc},
	booktitle = {Proceedings of the 16th ACM SIGPLAN-SIGACT symposium on Principles of programming languages},
	series = {POPL '89},
	year = {1989},
	isbn = {0-89791-294-2},
	location = {Austin, Texas, United States},
	pages = {60--76},
	numpages = {17},
	url = {http://homepages.inf.ed.ac.uk/wadler/papers/class/class.ps},
	doi = {http://doi.acm.org/10.1145/75277.75283},
	acmid = {75283},
	publisher = {ACM},
	address = {New York, NY, USA},
}

@misc{rfc6126,
	author = {Juliusz Chroboczek},
	title = {The Babel routing protocol},
	series = {Request for Comments},
	number = {6126},
	howpublished = {RFC 6126 (Experimental)},
	publisher = {IETF},
	organization = {Internet Engineering Task Force},
	year = 2011,
	month = apr,
	url = {http://www.ietf.org/rfc/rfc6126.txt},
}

@book{trucco98,
	author = {Emanuele Trucco and Alessandro Verri},
	title = {Introductory Techniques for 3-D Computer Vision},
	year = {1998},
	isbn = {0132611082},
	publisher = {Prentice Hall PTR},
	address = {Upper Saddle River, NJ, USA},
}

@misc{IEEE,
	author = {IEEE},
	title = {Author Digital Tool Box},
	publisher = {IEEE},
	url = {http://www.ietf.org/rfc/rfc6126.txt},
}






@article{FuksSkelton2011,
  Title     = {Response Curves and Preimage Sequences of Two-Dimensional Cellular Automata},
  Author    = {Henryk Fukś and Andrew Skelton},
  Journal   = {},
  Year      = {},
  Month     = {},
  Number    = {},
  Pages     = {},
  Volume    = {},
  Owner     = {},
  Timestamp = {}
}

@article{PaulinaGenaro2016,
  Title     = {Describing Complex Dynamics in Life-Like Rules with de Bruijn Diagrams on Complex and Chaotic Cellular Automata},
  Author    = {Paulina A. Léon and Genaro J. Martínez},
  Journal   = {Journal of Cellular Automata},
  Year      = {2016},
  Pages     = {91-112},
  Volume    = {11},
  Number    = {1},
  Issue     = {1},
  Owner     = {Old City Publishing}
}

@Article{Hartman2013,
  Title     = {Symmetry in Gardens of Eden},
  Author    = {Christiaan Hartman and Marijn J. H. Heule and Kees Kwekkeboom and Alain Noels},
  Journal   = {Electronic Journal of Combinatorics},
  Year      = {2013},
  Volume    = {20},
  Issue     = {3}
}

@article{JerasDobnikar2007,
  author  = {Iztok Jeras and Andrej Dobnikar},
  title   = "{Algorithms for computing preimages of cellular automata configurations}",
  journal = {Physica D Nonlinear Phenomena},
  year    = 2007,
  month   = sep,
  volume  = 233,
  pages   = {95-111},
  doi     = {10.1016/j.physd.2007.06.003},
  adsurl  = {http://adsabs.harvard.edu/abs/2007PhyD..233...95J},
  adsnote = {Provided by the SAO/NASA Astrophysics Data System}
}

@inproceedings{DBLP:conf/iccS/JerasD06,
  author    = {Iztok Jeras and
               Andrej Dobnikar},
  title     = {Cellular Automata Preimages: Count and List Algorithm},
  booktitle = {Computational Science - {ICCS} 2006, 6th International Conference,
               Reading, UK, May 28-31, 2006, Proceedings, Part {III}},
  pages     = {345--352},
  year      = {2006},
  crossref  = {DBLP:conf/iccS/2006-3},
  url       = {http://dx.doi.org/10.1007/11758532_47},
  doi       = {10.1007/11758532_47},
  timestamp = {Fri, 12 May 2006 14:19:05 +0200},
  biburl    = {http://dblp.uni-trier.de/rec/bib/conf/iccS/JerasD06},
  bibsource = {dblp computer science bibliography, http://dblp.org}
}
@proceedings{DBLP:conf/iccS/2006-3,
  editor    = {Vassil N. Alexandrov and
               G. Dick van Albada and
               Peter M. A. Sloot and
               Jack Dongarra},
  title     = {Computational Science - {ICCS} 2006, 6th International Conference,
               Reading, UK, May 28-31, 2006, Proceedings, Part {III}},
  series    = {Lecture Notes in Computer Science},
  volume    = {3993},
  publisher = {Springer},
  year      = {2006},
  isbn      = {3-540-34383-0},
  timestamp = {Fri, 12 May 2006 14:19:05 +0200},
  biburl    = {http://dblp.uni-trier.de/rec/bib/conf/iccS/2006-3},
  bibsource = {dblp computer science bibliography, http://dblp.org}
}

@inproceedings{DBLP:conf/automata/Jeras08,
  author    = {Iztok Jeras},
  title     = {Solving cellular automata problems with SAGE/Python},
  booktitle = {Automata 2008: Theory and Applications of Cellular Automata, Bristol,
               UK, June 12-14, 2008},
  pages     = {417--424},
  year      = {2008},
  crossref  = {DBLP:conf/automata/2008},
  url       = {http://uncomp.uwe.ac.uk/free-books/automata2008reducedsize.pdf},
  timestamp = {Thu, 10 Nov 2011 15:16:39 +0100},
  biburl    = {http://dblp.uni-trier.de/rec/bib/conf/automata/Jeras08},
  bibsource = {dblp computer science bibliography, http://dblp.org}
}
@proceedings{DBLP:conf/automata/2008,
  editor    = {Andrew Adamatzky and
               Ram{\'{o}}n Alonso{-}Sanz and
               Anna T. Lawniczak and
               Genaro Ju{\'{a}}rez Mart{\'{\i}}nez and
               Kenichi Morita and
               Thomas Worsch},
  title     = {Automata 2008: Theory and Applications of Cellular Automata, Bristol,
               UK, June 12-14, 2008},
  publisher = {Luniver Press, Frome, {UK}},
  year      = {2008},
  url       = {http://uncomp.uwe.ac.uk/free-books/automata2008reducedsize.pdf},
  isbn      = {978-1-905986-16-3},
  timestamp = {Thu, 10 Nov 2011 15:16:39 +0100},
  biburl    = {http://dblp.uni-trier.de/rec/bib/conf/automata/2008},
  bibsource = {dblp computer science bibliography, http://dblp.org}
}

%{cite conference|
@article{Sayama1999,
  author    = {Hiroki Sayama},
  title     = {Toward the Realization of an Evolving Ecosystem on Cellular Automata},
  booktitle = {Proceedings of the Fourth International Symposium on Artificial Life and Robotics (AROB 4th '99)},
  pages     = {254–257},
  location  = {Beppu, Oita, Japan},
  year      = {1999},
  url       = {http://citeseerx.ist.psu.edu/viewdoc/summary?doi=10.1.1.40.391}
}

%{cite journal
@article{Salzberg2004,
  author  = {Chris Salzberg and Hiroki Sayama},
  title   = {Complex genetic evolution of artificial self-replicators in cellular automata},
  journal = {Complexity},
  volume  = {10},
  pages   = {33–39},
  year    = {2004},
  url     = {http://www3.interscience.wiley.com/journal/109860047/abstract},
  doi     = {10.1002/cplx.20060}
}

@article{HardouinDuparc1974,
  author  = {Jean Hardouin-Duparc},
  title   = {Paradis terrestre dans l'automate cellulaire de Conway},
}

@article{Verlinde2010,
  author        = {Erik P. Verlinde},
  title         = {On the origin of gravity and the laws of Newton},
  year          = {2010},
  archivePrefix = "arXiv",
  eprint        = "1001.0785",
  primaryClass  = "hep-th"
}

@article{Kari1989,
  author    = {Jarkko Kari},
  title     = {Reversibility of 2D cellular automata is undecidable},
  doi       = {10.1016/0167-2789(90)90195-U},
  issue     = {1-3},
  mr        = {1094882},
  pages     = {379–385},
  journal   = {Physica D: Nonlinear Phenomena},
  volume    = {45},
  year      = {1990}
}